@article{unsteady,
title = "A Monte Carlo method for solving unsteady adjoint equations",
journal = "Journal of Computational Physics",
volume = "227",
number = "12",
pages = "6184 - 6205",
year = "2008",
issn = "0021-9991",
doi = "https://doi.org/10.1016/j.jcp.2008.03.006",
url = "http://www.sciencedirect.com/science/article/pii/S0021999108001393",
author = "Qiqi Wang and David Gleich and Amin Saberi and Nasrollah Etemadi and Parviz Moin",
keywords = "Adjoint equation, Unsteady adjoint equation, Monte Carlo linear solver"
}
@article{quarterFiveSpot, title={Miscible porous media displacements in the quarter five-spot configuration. Part 1. The homogeneous case}, volume={371}, DOI={10.1017/S0022112098002195}, journal={Journal of Fluid Mechanics}, publisher={Cambridge University Press}, author={Chen, Ching-Yao and Meiburg, Eckart}, year={1998}, pages={233â€“268}}

@article{checkpointing,
	author = {Griewank, Andreas and Walther, Andrea},
	title = {Algorithm 799: Revolve: An Implementation of Checkpointing for the Reverse or Adjoint Mode of Computational Differentiation},
	journal = {ACM Trans. Math. Softw.},
	issue_date = {March 2000},
	volume = {26},
	number = {1},
	month = mar,
	year = {2000},
	issn = {0098-3500},
	pages = {19--45},
	numpages = {27},
	url = {http://doi.acm.org/10.1145/347837.347846},
	doi = {10.1145/347837.347846},
	acmid = {347846},
	publisher = {ACM},
	address = {New York, NY, USA},
	keywords = {adjoint mode, checkpointing, computational differentiation, reverse mode},
} 

@article{forsythe,
	doi = {10.1090/s0025-5718-1950-0038138-x},
	url = {https://doi.org/10.1090/s0025-5718-1950-0038138-x},
	year  = {1950},
	month = {sep},
	publisher = {American Mathematical Society ({AMS})},
	volume = {4},
	number = {31},
	pages = {127--127},
	author = {George E. Forsythe and Richard A. Leibler},
	title = {Matrix inversion by a Monte Carlo method},
	journal = {Mathematics of Computation}
}

@manual{perminc,
	title  = "Harmonic-Average Permeability",
	author = "PERM Inc.",
	url    = "http://perminc.com/resources/fundamentals-of-fluid-flow-in-porous-media/chapter-2-the-porous-medium/permeability/harmonic-average-permeability/",
	year   = "2018 (accessed May 30, 2018)"
}

@article{morethuente,
	title={Line search algorithms with guaranteed sufficient decrease},
	author={Jorge J. Mor{\'e} and David J. Thuente},
	journal={ACM Trans. Math. Softw.},
	year={1994},
	volume={20},
	pages={286-307}
}

@Inbook{sequential,
	author={H., Halton John},
	chapter={Sequential Monte Carlo for linear systems - a practical summary},
	title={mcma},
	year={2008},
	volume={14},
	pages={1},
	note={1},
	issn={15693961},
	doi={10.1515/MCMA.2008.001},
}